--- COMMENTS may be placed outside the @ENTRYTYPE{ ... } stuctures
--- CMS guidelines
---- Every journal article citation should include the DOI, assuming one exists.
---- All URLs for CMS notes, ANs, etc, should refer to the CDS server, not the CMS server. Use our standard format for them, as shown below.
----  CMS Notes not available on CDS are regarded as private and may not be cited.
----  CMS physics papers (i.e., those intended for publication in journals) may reference only POG PASs, not PAG PASs.
---- For papers by collaborations, list the collaboration in the COLLABOROATION field and put the first author and "and others" in the AUTHOR field.
----  If only the collaboration is listed as the author, put "{XXX Collaboration}" under AUTHOR.
----  Note that we automatically replace the AUTHOR field with the collaboration name for ATLAS, CMS, LHCb, and ATLAS at submission time. Please don't remove the
----  "First Author and others" in the AUTHOR field.
---- Other items:
----   PAGES: Please only list the first page, not the range.
----   ISSUE: Please do not include in most cases.
----   URL: Do not include this field if a DOI is available.
---- Number of authors to list:
----   PRL requests that we include all authors up to fifteen except for large collaborations, and we take this as our internal guide as well. If there
----   are more than fifteen, just list the first author + "and others", as above.
----   The individual journal bib style file (theirs, ours, PLB, etc.) will truncate at the appropriate point. We have ours set to _1_ for more than four.
---- Use only the URL field instead of embedding an href.
---- A reference only published on the arXiv should be listed as UNPUBLISHED (with a note "Submitted to XXX" for large collaboration papers).
----   Experimental papers only on the arXiv and not submitted for publication may not be cited.
---- Some journals will lowercase the title: use {} to protect words which must be capitalized, e.g., {LHC}, {TeV}, {CERN}, {CMS}.
----  Do not escape the entire title as it will then clash with the journal style.
---- Journal names: the journals generally include the series in the journal name, "Physical Review D", vol 5, rather than PR D5
---- >>> Please use the --preview option with the tdr script to perform a simple-minded reference check before uploading.
%
%
%    Many commonly cited papers are available under svn+ssh://svn.cern.ch/reps/tdr/utils/branches/dev/general/gen.bib and utils/trunk/higgs.bin.

%
% Notes hosted only on CDS are listed as TECHREPORTs.
%

%%%%%%%%%%%%%%%%%%%%%%%%%%%%%%%%%%%%%%%%
%%%%% Start of references for this paper
%%%%%%%%%%%%%%%%%%%%%%%%%%%%%%%%%%%%%%%%

@book{Apollinari:2116337,
      author        = "Apollinari, G. and Béjar Alonso, I. and Brüning, O. and
                       Lamont, M. and Rossi, L.",
      title         = "High-Luminosity Large Hadron Collider ({HL}-{LHC}):
                       Preliminary Design Report",
      publisher     = "CERN",
      address       = "Geneva",
      series        = "CERN Yellow Reports: Monographs",
      year          = "2015",
      url           = "https://cds.cern.ch/record/2116337",
}
@article{Agostinelli:2002hh,
      author         = "Agostinelli, S. and others",
      title          = "{\GEANTfour---}a simulation toolkit",
      collaboration  = "{\GEANTfour}",
      journal        = "Nucl. Instrum. Meth. A",
      volume         = "506",
      year           = "2003",
      pages          = "250",
      doi            = "10.1016/S0168-9002(03)01368-8",
      reportNumber   = "SLAC-PUB-9350, FERMILAB-PUB-03-339",
      SLACcitation   = "%%CITATION = NUIMA,A506,250;%%"
}
@article{Allison:2006ve,
      author         = "Allison, John and others",
      title          = "Geant4 developments and applications",
      journal        = "IEEE Trans. Nucl. Sci.",
      volume         = "53",
      year           = "2006",
      pages          = "270",
      doi            = "10.1109/TNS.2006.869826",
      reportNumber   = "SLAC-PUB-11870",
      SLACcitation   = "%%CITATION = IETNA,53,270;%%"
}
@article{Allison:2016lfl,
      author         = "Allison, J. and others",
      title          = "Recent developments in {\GEANTfour}",
      journal        = "Nucl. Instrum. Meth. A",
      volume         = "835",
      year           = "2016",
      pages          = "186",
      doi            = "10.1016/j.nima.2016.06.125",
      reportNumber   = "FERMILAB-PUB-16-447-CD",
      SLACcitation   = "%%CITATION = NUIMA,A835,186;%%"
}
@techreport{CMS:1997dma,
      title          = "The {CMS} muon project: Technical Design Report",
      collaboration  = "CMS",
      year           = "1997",
      number         = "CERN-LHCC-97-032, CMS-TDR-3",
      journal        = "CERN-LHCC-97-032, CMS-TDR-3",
	  url            = "http://cds.cern.ch/record/343814",
      type           = "TDR",
      institution    = "CERN",
      address        = "Geneva",
      SLACcitation   = "%%CITATION = CERN-LHCC-97-032;%%"
}
@inproceedings{Hauser:814259,
      author         = "Hauser, J. and Acosta, D. and Boyd, E. and Bylsma, B. and
                        Cousins, R. and Drozdetsky, A. A. and Durkin, S. and Gilmore, J
                        and Gu, J. and Haapanen, S. and Korytov, A. and Lee, S. and
                        Ling, T. and Madorsky, A. and Matveev, M. and Mey, M. and Mohr,
                        B. and Mumford, J. and Padley, P. and Pawloski, G. and Roberts,
                        J. and Scurlock, B. and Stöck, H. and Valuev, V. Yu and
                        Veramendi, G. and Werner, J. and Zheng, Y.",
      booktitle      = "Proceedings of the 10th Workshop on Electronics for LHC and
                        Future Experiments",
      address        = "Boston, USA",
      reportNumber   = "CERN-2004-010",
      title          = "Experience with Trigger Electronics for the {CSC} System of {CMS}",
      year           = "2004",
      doi            = "10.5170/CERN-2004-010.292"
}
@article{Evans:2008zzb,
      author         = "Evans, Lyndon and Bryant, Philip",
      title          = "{LHC} Machine",
      journal        = "JINST",
      volume         = "3",
      year           = "2008",
      pages          = "S08001",
      doi            = "10.1088/1748-0221/3/08/S08001",
      SLACcitation   = "%%CITATION = JINST,3,S08001;%%"
}
@article{Kopecky:1997,
      author         = "Kopecky, J. and Sublet, J.C. and Simpson, J.A. and Forrest, R.A. and Nierop, D.",
      title          = "Atlas of Neutron Capture Cross Sections",
      journal        = "International Nuclear Data Committee (IAEA Nuclear Data Section)",
      volume         = "362",
      year           = "1997",
      url            = "https://www-nds.iaea.org/publications/indc/indc-nds-0362/"
}
@article{Sjostrand:2006za,
      author         = "Sj{\"o}strand, Torbj{\"o}rn and Mrenna, Stephen and Skands, Peter",
      title          = "{PYTHIA} 6.4 Physics and Manual",
      journal        = "JHEP",
      volume         = "05",
      pages          = "026",
      doi            = "10.1088/1126-6708/2006/05/026",
      year           = "2006",
      eprint         = "hep-ph/0603175",
      archivePrefix  = "arXiv",
      primaryClass   = "hep-ph",
      reportNumber   = "FERMILAB-PUB-06-052-CD-T, LU-TP-06-13",
      SLACcitation   = "%%CITATION = HEP-PH/0603175;%%",
}
@article{Pfeiffer:2016hnl,
      author         = "Pfeiffer, Dorothea and Gorine, Georgi and Reithler, Hans
                        and Biskup, Bartolomej and Day, Alasdair and Fabich,
                        Adrian and Germa, Joffrey and Guida, Roberto and Jaekel,
                        Martin and Ravotti, Federico",
      title          = "The radiation field in the Gamma Irradiation Facility
                        {GIF}++ at {CERN}",
      journal        = "Nucl. Instrum. Meth. A",
      volume         = "866",
      year           = "2017",
      pages          = "91",
      doi            = "10.1016/j.nima.2017.05.045",
      eprint         = "1611.00299",
      archivePrefix  = "arXiv",
      primaryClass   = "physics.ins-det",
      SLACcitation   = "%%CITATION = ARXIV:1611.00299;%%"
}
@article{Acosta:2002km,
      author         = "Acosta, D. and others",
      title          = "Design features and test results of the {CMS} endcap muon
                        chambers",
      booktitle      = "{Proceedings, 8th International Conference on
                        Instrumentation for colliding beam physics (INSTR02):
                        Novosibirsk, Russia, February 28-March 6, 2002}",
      journal        = "Nucl. Instrum. Meth. A",
      volume         = "494",
      year           = "2002",
      pages          = "504",
      doi            = "10.1016/S0168-9002(02)01540-1",
      SLACcitation   = "%%CITATION = NUIMA,A494,504;%%"
}
@article{Acosta:200826,
      author         = "Acosta, D. and others",
      title          = "Efficiency of finding muon track trigger primitives in {CMS} cathode strip chambers",
      journal        = "Nucl. Instrum. Meth. A",
      volume         = "592",
      pages          = "26",
      year           = "2008",
      issn           = "0168-9002",
      doi            = "10.1016/j.nima.2008.03.118",
      keywords       = "LHC, CMS, Muon, Cathode strip chamber, Trigger, Efficiency"
}
@article{Baarmand:1999ka,
      author         = "Baarmand, {M. M.} and others",
      title          = "Spatial resolution attainable with cathode strip
                        chambers at the trigger level",
      journal        = "Nucl. Instrum. Meth. A",
      volume         = "425",
      year           = "1999",
      pages          = "92",
      doi            = "10.1016/S0168-9002(98)01390-4",
      SLACcitation   = "%%CITATION = NUIMA,A425,92;%%"
}
@article{Barashko:2007zz,
      author         = "Barashko, V. and Drozdetskiy, A. and Korytov, A. and
                        Mitselmakher, Guenakh and Pakhotin, {\relax Yu}.",
      title          = "Fast algorithm for track segment and hit reconstruction
                        in the {CMS} Cathode Strip Chambers",
      collaboration  = "CMS",
      journal        = "Nucl. Instrum. Meth. A",
      volume         = "589",
      year           = "2008",
      pages          = "383",
      doi            = "10.1016/j.nima.2008.02.096",
      reportNumber   = "CERN-CMS-NOTE-2007-023",
      SLACcitation   = "%%CITATION = NUIMA,A589,383;%%"
}
@article{Chatrchyan:2009hb,
      author         = "Chatrchyan, S. and others",
      title          = "Commissioning of the {CMS} Experiment and the Cosmic Run
                        at Four Tesla",
      collaboration  = "CMS",
      journal        = "JINST",
      volume         = "5",
      year           = "2010",
      pages          = "T03001",
      doi            = "10.1088/1748-0221/5/03/T03001",
      eprint         = "0911.4845",
      archivePrefix  = "arXiv",
      primaryClass   = "physics.ins-det",
      reportNumber   = "CMS-CFT-09-008",
      SLACcitation   = "%%CITATION = ARXIV:0911.4845;%%"
}
@techreport{CMS-PAS-LUM-17-001,
      COLLABORATION  = "CMS",
      TITLE          = "{CMS} Luminosity Measurements for the 2016 Data Taking Period",
      INSTITUTION    = "CERN",
      address        = "Geneva",
      AUTHOR         = "{CMS} Collaboration",
      URL            = "https://cds.cern.ch/record/2257069",
      TYPE           = "CMS Physics Analysis Summary",
      NUMBER         = "CMS-PAS-LUM-17-001",
      YEAR           = "2017"
}
@techreport{Cousins:687399,
      author         = "Cousins, Robert and Mumford, Jason and Valuev, S.",
      title          = "{CSC} Trigger Primitive Rates in {ORCA}",
      institution    = "CERN",
      address        = "Geneva",
      number         = "CMS-NOTE-2002-007",
      year           = "2002",
      reportNumber   = "CMS-NOTE-2002-007",
      type           = "CMS Note",
      url            = "http://cds.cern.ch/record/687399",
}
%     month          = "Feb",
@misc{PietsPage,
      author         = "Piet Verwilligen",
	  title          = "{CMS} Twiki: Neutron Background in the Muon System",
      url            = "https://twiki.cern.ch/twiki/bin/viewauth/CMS/MuonNeutronBackground"
}
@misc{PileupTwiki,
      author         = "{CMS Collaboration}",
      title          = "{CMS} Twiki: Utilities for Accessing Pileup Information for Data",
      url            = "https://twiki.cern.ch/twiki/bin/viewauth/CMS/PileupJSONFileforData"
}
@misc{NeutronTwiki,
      author         = "{CMS Collaboration}",
      title          = "Neutron Background and GIF++ Test Beam Studies in CMS CSCs",
      url            = "https://twiki.cern.ch/twiki/bin/view/CMSPublic/MuonDPGPublic170706"
}
@techreport{Dasgupta:Poster,
      author         = "Abhigyan Dasgupta",
      title          = "Study of neutron-induced background hits in the CMS endcap muon system,
                        and implications for the HL-LHC",
      institution    = "EPS-HEP",
      address        = "Venice, Italy",
      year           = "2017",
      type           = "Poster",
      url            = "https://indico.cern.ch/event/466934/contributions/2590728/",
}
@inproceedings{Dasgupta:Proceedings,
      author         = "Abhigyan Dasgupta",
      booktitle      = "Proceedings of The European Physical Society Conference on High Energy Physics",
      address        = "PoS(EPS-HEP2017)782. Venice, Italy",
      volume         = "314",
      title          = "Study of neutron-induced background hits in the CMS endcap muon system",
      year           = "2017",
      doi            = "10.22323/1.314.0782"
}
@techreport{Schnaible:Talk,
      author         = "Christian Schnaible",
      title          = "Study of neutron-induced background hits in the CMS endcap muon system,
                        and implications for the HL-LHC",
      institution    = "APS-DPF",
      address        = "Fermilab",
      year           = "2017",
      type           = "Presentation",
      url            = "https://indico.fnal.gov/event/11999/session/11/contribution/46",
}
@misc{CMSWBM:Fill5423,
      author         = "{CMS Collaboration}",
      title          = "{CMS} Web-Based Monitoring: Fill 5423 Bunch Pattern at CMS",
      url            = "https://cmswbm.cern.ch/cmsdb/servlet/BunchFill?FILL=5423"
}
@techreport{Bawej:1711011,
      author        = "Bawej, Tomasz Adrian and Behrens, Ulf and Branson, James
                       and Chaze, Olivier and Cittolin, Sergio and Darlea,
                       Georgiana Lavinia and Deldicque, Christian and Dobson, Marc
                       and Dupont, Aymeric and Erhan, Samim and Forrest, Andrew
                       Kevin and Gigi, Dominique and Glege, Frank and Gomez
                       Ceballos, Guillelmo and Gomez-Reino Garrido, Robert and
                       Hegeman, Jeroen Guido and Holzner, Andre Georg and Masetti,
                       Lorenzo and Meijers, Franciscus and Meschi, Emilio and
                       Mommsen, Remigius and Morovic, Srecko and Vivian O'Dell and
                       Orsini, Luciano and Paus, Christoph Maria Ernst and
                       Petrucci, Andrea and Pieri, Marco and Racz, Attila and
                       Sakulin, Hannes and Schwick, Christoph and Stieger,
                       Benjamin Bastian and Sumorok, Konstanty and Veverka, Jan
                       and Zejdl, Petr",
      title         = "The New {CMS} {DAQ} System for Run 2 of the {LHC}",
      institution   = "CERN",
      address       = "Geneva",
      number        = "CMS-CR-2014-082",
      year          = "2014",
      reportNumber  = "CMS-CR-2014-082",
      type          = "CMS Conference Report",
      url           = "https://cds.cern.ch/record/1711011",
}
%     month         = "May",
@article{Sirunyan:2018nqx,
      author         = "Sirunyan, Albert M. and others",
      title          = "Measurement of the inelastic proton-proton cross section
                        at $\sqrt{s}=$ 13 {TeV}",
      collaboration  = "CMS",
      journal        = "JHEP",
      volume         = "07",
      year           = "2018",
      pages          = "161",
      eprint         = "1802.02613",
      archivePrefix  = "arXiv",
      doi            = "10.1007/JHEP07(2018)161",
      primaryClass   = "hep-ex",
      reportNumber   = "CMS-FSQ-15-005, CERN-EP-2018-004",
      SLACcitation   = "%%CITATION = ARXIV:1802.02613;%%"
}
%%%%%
@article{Todesco:2017tcj,
      author         = "Todesco, Ezio and others",
      title          = "Training Behavior of the Main Dipoles in the Large
                        Hadron Collider",
      booktitle      = "Proceedings, Applied Superconductivity Conference (ASC
                        2016): Denver, Colorado, September 4-9, 2016",
      journal        = "IEEE Trans. Appl. Supercond.",
      volume         = "27",
      year           = "2017",
      pages          = "1",
      doi            = "10.1109/TASC.2017.2657504",
      SLACcitation   = "%%CITATION = ITASE,27,4702807;%%"
}
@article{Chatrchyan:2008zzk,
     author    = "Chatrchyan, S. and others",
     collaboration = "CMS",
     title     = "The {CMS} experiment at the {CERN} {LHC}",
     journal   = "JINST",
     volume    = "3",
     year      = "2008",
     pages     = "S08004",
     doi       = "10.1088/1748-0221/3/08/S08004",
     SLACcitation  = "%%CITATION = JINST,3,S08004;%%"
}
@techreport{Mobs:2636343,
      author        = "Mobs, Esma",
      title         = "The CERN accelerator complex - August 2018. Complexe des
                       acc\'{e}l\'{e}rateurs du CERN - Ao\^{u}t 2018",
      institution   = "CERN",
      address       = "Geneva",
      year          = "2018",
      number        = "OPEN-PHO-ACCEL-2018-005",
      reportNumber  = "OPEN-PHO-ACCEL-2018-005",
      type          = "Image",
      url           = "https://cds.cern.ch/record/2636343",
}
%     month         = "Aug",
@techreport{Baird:1017689,
      author        = "Baird, S",
      title         = "Accelerators for pedestrians; rev. version",
      institution   = "CERN",
      address       = "Geneva",
      number        = "CERN-AB-Note-2007-014, CERN-PS-OP-Note-95-17-Rev-2",
      year          = "2007",
      reportNumber  = "AB-Note-2007-014",
      url           = "http://cds.cern.ch/record/1017689",
}
%     month         = "Feb",
@techreport{Team:40524,
      author        = "{AC Team}",
      title         = "Diagram of an LHC dipole magnet. Sch\'{e}ma d'un aimant
                       dip\^{o}le du LHC",
      institution   = "CERN",
      address       = "Geneva",
      year          = "1999",
      number        = "CERN-DI-9906025",
      reportNumber  = "CERN-DI-9906025",
      type          = "Image",
      url           = "https://cds.cern.ch/record/40524",
}
%     month         = "Jun",
@techreport{Jean-Luc:841503,
      author        = "Jean-Luc Caron",
      title         = "Computed magnetic flux in the LHC dipole. Champ
                       magnetique (calcule) dans le dipole LHC.",
      institution   = "CERN",
      address       = "Geneva",
      year          = "1998",
      number        = "LHC-PHO-1998-320",
      reportNumber  = "LHC-PHO-1998-320",
      type          = "Image",
      url           = "http://cds.cern.ch/record/841503",
}
%     month         = "Mar",
@book{Bruning:782076,
      author        = "Br{\"{u}}ning, Oliver Sim and Collier, Paul and Lebrun, P and
                       Myers, Stephen and Ostojic, Ranko and Poole, John and
                       Proudlock, Paul",
      title         = "LHC Design Report",
      publisher     = "CERN",
      address       = "Geneva",
      series        = "CERN Yellow Reports: Monographs",
      year          = "2004",
      url           = "https://cds.cern.ch/record/782076",
}
@misc{LumiTwiki,
      author         = "{CMS Collaboration}",
      title          = "{CMS} Twiki: Public CMS Luminosity Information",
      url            = "https://twiki.cern.ch/twiki/bin/view/CMSPublic/LumiPublicResults",
      note           = "Retrieved 1 May 2019"
}
@techreport{Davis:2205172,
      author        = "Davis, Siona Ruth",
      title         = "Interactive Slice of the CMS detector",
      institution   = "CERN",
      address       = "Geneva",
      year          = "2016",
      number        = "CMS-OUTREACH-2016-027",
      reportNumber  = "CMS-OUTREACH-2016-027",
      type          = "Image",
      url           = "http://cds.cern.ch/record/2205172",
}
%     month         = "Aug",
@article{Sirunyan:2018fpa,
      author         = "Sirunyan, A. M. and others",
      title          = "Performance of the CMS muon detector and muon
                        reconstruction with proton-proton collisions at
                        $\sqrt{s}=$ 13 TeV",
      collaboration  = "CMS",
      journal        = "JINST",
      volume         = "13",
      year           = "2018",
      pages          = "P06015",
      doi            = "10.1088/1748-0221/13/06/P06015",
      eprint         = "1804.04528",
      archivePrefix  = "arXiv",
      primaryClass   = "physics.ins-det",
      reportNumber   = "CMS-MUO-16-001, CERN-EP-2018-058",
      SLACcitation   = "%%CITATION = ARXIV:1804.04528;%%"
}
@article{Chatrchyan:2013sba,
      author         = "Chatrchyan, Serguei and others",
      title          = "The Performance of the CMS Muon Detector in
                        Proton-Proton Collisions at $\sqrt{s}$ = 7 TeV at the
                        LHC",
      collaboration  = "CMS",
      journal        = "JINST",
      volume         = "8",
      year           = "2013",
      pages          = "P11002",
      doi            = "10.1088/1748-0221/8/11/P11002",
      eprint         = "1306.6905",
      archivePrefix  = "arXiv",
      primaryClass   = "physics.ins-det",
      reportNumber   = "CMS-MUO-11-001, CERN-PH-EP-2013-072",
      SLACcitation   = "%%CITATION = ARXIV:1306.6905;%%"
}
@article{Hama:1981,
      author         = "Hama, Yogiro",
      title          = "A Note on Lorentz Transformation and Pseudo-Rapidity Distributions",
      journal        = "Journal of the Phys. Soc. of Japan",
      volume         = "50",
      pages          = "21",
      year           = "1981",
      doi            = "10.1143/JPSJ.50.21",
      URL            = "https://doi.org/10.1143/JPSJ.50.21",
}
@techreport{CERN-LHCC-97-033,
      title         = "The CMS electromagnetic calorimeter project: Technical
                       Design Report",
      publisher     = "CERN",
      collaboration = "CMS",
      year          = "1997",
      number        = "CERN-LHCC-97-033, CMS-TDR-4",
      journal       = "CERN-LHCC-97-033, CMS-TDR-4",
      institution   = "CERN",
      address       = "Geneva",
      type          = "TDR",
      url           = "https://cds.cern.ch/record/349375",
}
@article{Fabjan:692252,
      author        = "Fabjan, Christian Wolfgang and Gianotti, F.",
      title         = "Calorimetry for Particle Physics",
      journal       = "Rev. Mod. Phys.",
      volume        = "75",
      pages         = "1243",
      year          = "2003",
      reportNumber  = "CERN-EP-2003-075",
      url           = "https://cds.cern.ch/record/692252",
      doi           = "10.1103/RevModPhys.75.1243"
}
@techreport{CERN-LHCC-97-031,
      title         = "The CMS hadron calorimeter project: Technical
                       Design Report",
      publisher     = "CERN",
      collaboration = "CMS",
      year          = "1997",
      number        = "CERN-LHCC-97-031, CMS-TDR-2",
      journal       = "CERN-LHCC-97-031, CMS-TDR-2",
      institution   = "CERN",
      address       = "Geneva",
      type          = "TDR",
      url           = "https://cds.cern.ch/record/357153",
}
@article{Penzo2009,
	doi       = "10.1088/1742-6596/160/1/012014",
	year      = 2009,
	publisher = "{IOP} Publishing",
	volume    = "160",
	pages     = "012014",
	author    = "A Penzo and Y Onel",
	title     = "The {CMS}-{HF} quartz fiber calorimeters",
	journal   = "Journal of Physics: Conference Series"
}
@article{HARTMANN201225,
    author  = "Frank Hartmann",
    title   = "Silicon tracking detectors in high-energy physics",
    journal = "Nucl. Instrum. Meth. A",
    volume  = "666",
    pages   = "25",
    year    = "2012",
    issn    = "0168-9002",
    doi     = "https://doi.org/10.1016/j.nima.2011.11.005",
}
@techreport{CERN-LHCC-98-006,
      title         = "The CMS tracker system project: Technical
                       Design Report",
      publisher     = "CERN",
      collaboration = "CMS",
      year          = "1997",
      number        = "CERN-LHCC-98-006, CMS-TDR-5",
      journal       = "CERN-LHCC-98-006, CMS-TDR-5",
      institution   = "CERN",
      address       = "Geneva",
      type          = "TDR",
      url           = "https://cds.cern.ch/record/357153",
}
@article{Adam:2005zf,
      author         = "Adam, W. and others",
      title          = "The CMS high level trigger",
      collaboration  = "CMS",
      journal        = "Eur. Phys. J. C",
      volume         = "46",
      year           = "2006",
      pages          = "605",
      doi            = "10.1140/epjc/s2006-02495-8",
      eprint         = "hep-ex/0512077",
      archivePrefix  = "arXiv",
      primaryClass   = "hep-ex",
      SLACcitation   = "%%CITATION = HEP-EX/0512077;%%"
}
%%%%%%%%%%
% Lumi stuff
@misc{BrilcalcQuickStart,
      author         = "{CMS Collaboration}",
      title          = "{CMS} Twiki: brilcalc Quick Start",
      url            = "https://twiki.cern.ch/twiki/bin/viewauth/CMS/BrilcalcQuickStart",
      note           = "Retrieved 29 May 2019 using brilcalc 3.5.2"
}
@misc{PdmV2016,
      author         = "{CMS Collaboration}",
      title          = "{CMS} Twiki: PdmV 2016 Analysis",
      url            = "https://twiki.cern.ch/twiki/bin/viewauth/CMS/PdmV2016Analysis",
      note           = "Retrieved 30 May 2019"
}
% Generators
@Article{Nason:2004rx,
     author          = "Nason, Paolo",
     title           = "A new method for combining {NLO} {QCD} with shower {M}onte {C}arlo algorithms",
     journal         = "JHEP",
     volume          = "11",
     year            = "2004",
     pages           = "040",
     eprint          = "hep-ph/0409146",
     archivePrefix   = "arXiv",
     doi             = "10.1088/1126-6708/2004/11/040",
     SLACcitation    = "%%CITATION = HEP-PH/0409146;%%"
}
@Article{Frixione:2007vw,
     author          = "Frixione, Stefano and Nason, Paolo and Oleari, Carlo",
     title           = "Matching {NLO} {QCD} computations with parton shower
                        simulations: the {POWHEG} method",
     journal         = "JHEP",
     volume          = "11",
     year            = "2007",
     pages           = "070",
     eprint          = "0709.2092",
     archivePrefix   = "arXiv",
     primaryClass    =  "hep-ph",
     doi             = "10.1088/1126-6708/2007/11/070",
     SLACcitation    = "%%CITATION = 0709.2092;%%"
}
@Article{Alioli:2010xd,
      author         = "Alioli, Simone and Nason, Paolo and Oleari, Carlo and Re,
                        Emanuele",
      title          = "A general framework for implementing {NLO} calculations in
                        shower {M}onte {C}arlo programs: the {POWHEG} {BOX}",
      journal        = "JHEP",
      volume         = "06",
      pages          = "043",
      doi            = "10.1007/JHEP06(2010)043",
      year           = "2010",
      eprint         = "1002.2581",
      archivePrefix  = "arXiv",
      primaryClass   = "hep-ph",
      reportNumber   = "DESY-10-018, SFB-CPP-10-22, IPPP-10-11, DCPT-10-22",
      SLACcitation   = "%%CITATION = ARXIV:1002.2581;%%",
}
@Article{Alwall:2014hca,
     author        = "Alwall, J. and Frederix, R. and Frixione, S. and Hirschi, V. and Maltoni, F. and Mattelaer, O.
                      and Shao, H.-S. and Stelzer, T. and Torrielli, P. and Zaro, M.",
     title         = "The automated computation of tree-level and next-to-leading order differential cross sections
                      and their matching to parton shower simulations",
     journal       = "JHEP",
     volume        = "07",
     year          = "2014",
     pages         = "079",
     doi           = "10.1007/JHEP07(2014)079",
     eprint        = "1405.0301",
     archivePrefix = "arXiv",
     primaryClass  = "hep-ph"
}
@Article{Alwall:2011uj,
      author         = "Alwall, Johan and Herquet, Michel and Maltoni, Fabio and
                        Mattelaer, Olivier and Stelzer, Tim",
      title          = "{M}ad{G}raph 5: Going Beyond",
      journal        = "JHEP",
      volume         = "06",
      pages          = "128",
      doi            = "10.1007/JHEP06(2011)128",
      year           = "2011",
      eprint         = "1106.0522",
      archivePrefix  = "arXiv",
      primaryClass   = "hep-ph",
      reportNumber   = "FERMILAB-PUB-11-448-T",
      SLACcitation   = "%%CITATION = ARXIV:1106.0522;%%",
}
@article{Sjostrand:2014zea,
      author         = "Sj{\"o}strand, Torbj{\"o}rn and Ask, Stefan and Christiansen,
                        Jesper R. and Corke, Richard and Desai, Nishita and Ilten,
                        Philip and Mrenna, Stephen and Prestel, Stefan and
                        Rasmussen, Christine O. and Skands, Peter Z.",
      title          = "{An Introduction to PYTHIA 8.2}",
      journal        = "Comput. Phys. Commun.",
      volume         = "191",
      year           = "2015",
      pages          = "159",
      doi            = "10.1016/j.cpc.2015.01.024",
      eprint         = "1410.3012",
      archivePrefix  = "arXiv",
      primaryClass   = "hep-ph",
      SLACcitation   = "%%CITATION = ARXIV:1410.3012;%%"
}
@article{Khachatryan:2015pea,
      author         = "Khachatryan, Vardan and others",
      title          = "Event generator tunes obtained from underlying event and multiparton scattering measurements",
      collaboration  = "CMS",
      journal        = "Eur. Phys. J. C",
      volume         = "76",
      year           = "2016",
      pages          = "155",
      doi            = "10.1140/epjc/s10052-016-3988-x",
      eprint         = "1512.00815",
      archivePrefix  = "arXiv",
      primaryClass   = "hep-ex",
      reportNumber   = "CMS-GEN-14-001, CERN-PH-EP-2015-291",
      SLACcitation   = "%%CITATION = ARXIV:1512.00815;%%"
}
@article{Bahr:2008pv,
      author         = "B{\"a}hr, Manuel and Gieseke, Stefan and Gigg, Martyn A. and Grellscheid,
                        David and Hamilton, Keith and Latunde-Dada, Oluseyi and Pl{\"a}tzer, Simon and Richardson, Peter
                        and Seymour, Michael H. and Sherstnev, Alexander and Webber, Bryan R.",
      title          = "Herwig++ physics and manual",
      journal        = "Eur. Phys. J. C",
      volume         = "58",
      pages          = "639",
      doi            = "10.1140/epjc/s10052-008-0798-9",
      year           = "2008",
      eprint         = "0803.0883",
      archivePrefix  = "arXiv",
      primaryClass   = "hep-ph",
      reportNumber   = "CERN-PH-TH-2008-038, CAVENDISH-HEP-08-03, KA-TP-05-2008,
                        DCPT-08-22, IPPP-08-11, CP3-08-05",
      SLACcitation   = "%%CITATION = ARXIV:0803.0883;%%",
}
% displaced dimuons and analyses
@techreport{CMS-DP-2015-015,
      title         = "Muon Reconstruction and Identification Improvements for
                       Run-2 and First Results with 2015 Run Data",
      INSTITUTION   = "CERN",
      collaboration = "{CMS}",
      year          = "2015",
      number        = "CMS-DP-2015-015",
      reportNumber  = "CMS-DP-2015-015",
      type          = "CMS Performance Note",
      url           = "https://cds.cern.ch/record/2037372",
}
@techreport{CMS-PAS-EXO-14-012,
      title         = "Search for long-lived particles that decay into final
                       states containing two muons, reconstructed using only the
                       CMS muon chambers",
      institution   = "CERN",
      collaboration = "{CMS}",
      address       = "Geneva",
      number        = "CMS-PAS-EXO-14-012",
      year          = "2015",
      reportNumber  = "CMS-PAS-EXO-14-012",
      type          = "CMS Physics Analysis Summary",
      url           = "https://cds.cern.ch/record/2005761",
}
@article{EXO-12-037,
	  title         = "Search for long-lived particles that decay into final states containing two electrons
                       or two muons in proton-proton collisions at $\sqrt{s}=8\;\mathrm{TeV}$",
	  author        = "Khachatryan, V. and others",
	  collaboration = "CMS",
	  journal       = "Phys. Rev. D",
	  volume        = "91",
	  pages         = "052012",
	  year          = "2015",
	  doi           = "10.1103/PhysRevD.91.052012",
}
@techreport{CMS-AN-14-176,
      title         = "Search for long-lived particles decaying to final states that
                       include dimuons reconstructed using the muon chambers only",
      institution   = "CERN",
      collaboration = "{CMS}",
      address       = "Geneva",
      number        = "CMS-AN-2014/176",
      year          = "2014",
      reportNumber  = "CMS-AN-2014/176",
      type          = "CMS Analysis Note",
      url           = "http://cms.cern.ch/iCMS/jsp/db_notes/noteInfo.jsp?cmsnoteid=CMS%20AN-2014/176",
}
% vertex fitting
@article{Fruhwirth:1987fm,
      author         = "Fruhwirth, R.",
      title          = "Application of Kalman filtering to track and vertex
                        fitting",
      journal        = "Nucl. Instrum. Meth. A",
      volume         = "262",
      year           = "1987",
      pages          = "444",
      doi            = "10.1016/0168-9002(87)90887-4",
      reportNumber   = "HEPHY-PUB-87-503",
      SLACcitation   = "%%CITATION = NUIMA,A262,444;%%"
}
@techreport{Speer:927395,
      author        = "Speer, Thomas and Prokofiev, Kirill and Frühwirth, R and
                       Waltenberger, Wolfgang and Vanlaer, Pascal",
      title         = "Vertex Fitting in the CMS Tracker",
      institution   = "CERN",
      address       = "Geneva",
      number        = "CMS-NOTE-2006-032",
      month         = "Feb",
      year          = "2006",
      reportNumber  = "CMS-NOTE-2006-032",
      type          = "CMS Note",
      url           = "https://cds.cern.ch/record/927395",
}
% theory
@book{Griffiths,
      author        = "Griffiths, David J",
      title         = "Introduction to Elementary Particles, Second Edition",
      publisher     = "Wiley-VCH",
      address       = "New York, NY",
      year          = "2008"
}
@book{Srednicki,
      author        = "Srednicki, M",
      title         = "Quantum Field Theory",
      publisher     = "Cambridge University Press",
      address       = "New York, NY",
      year          = "2007"
}
@misc{SMLag,
      author         = "J. A. Shifflett",
      title          = "Standard Model Lagrangian",
      url            = "http://www.einstein-schrodinger.com/Standard_Model.pdf",
      note           = "Retrieved 29 July 2019"
}
@article{PDG:Electroweak,
      author         = "{J. Erler and A. Freitas, ``Electroweak Model and Constraints on New Physics'', Ch. 10 in Particle Data Group} and M. Tanabashi and others",
      title          = "Review of Particle Physics",
      journal        = "Phys. Rev. D",
      volume         = "98",
      year           = "2018",
      pages          = "030001",
      doi            = "10.1103/PhysRevD.98.030001",
      url            = "http://pdg.lbl.gov/2019/reviews/rpp2018-rev-kinematics.pdf",
}
@article{PDG:Higgs,
      author         = "{M. Carena and others, ``Status of Higgs Boson Physics'', Ch. 11 in Particle Data Group} and M. Tanabashi and others",
      title          = "Review of Particle Physics",
      journal        = "Phys. Rev. D",
      volume         = "98",
      year           = "2018",
      pages          = "030001",
      doi            = "10.1103/PhysRevD.98.030001",
      url            = "http://pdg.lbl.gov/2019/reviews/rpp2018-rev-higgs-boson.pdf",
}
@article{PDG:Kinematics,
      author         = "{D. R. Tovey and J. D. Jackson, ``Kinematics'', Ch. 47 in Particle Data Group} and M. Tanabashi and others",
      title          = "Review of Particle Physics",
      journal        = "Phys. Rev. D",
      volume         = "98",
      year           = "2018",
      pages          = "030001",
      doi            = "10.1103/PhysRevD.98.030001",
      url            = "http://pdg.lbl.gov/2019/reviews/rpp2018-rev-kinematics.pdf",
}
@Article{Curtin2015,
    author ="Curtin, David and Essig, Rouven and Gori, Stefania and Shelton, Jessie",
    title  ="Illuminating dark photons with high-energy colliders",
    journal="JHEP",
    year   ="2015",
    volume ="02",
    pages  ="157",
    doi    ="10.1007/JHEP02(2015)157",
    url    ="https://doi.org/10.1007/JHEP02(2015)157"
}
@article{STRASSLER2008263,
    author = "Matthew J. Strassler and Kathryn M. Zurek",
    title = "Discovering the Higgs through highly-displaced vertices",
    journal = "Phys. Lett. B",
    volume = "661",
    pages = "263",
    year = "2008",
    issn = "0370-2693",
    doi = "10.1016/j.physletb.2008.02.008",
}
@article{Aad2016,
    author  ="{The ATLAS Collaboration, The CMS Collaboration}",
    title   ="Measurements of the Higgs boson production and decay rates and constraints on its couplings from a combined ATLAS and CMS analysis of the LHC pp              collision data at $\sqrt{s}$ = 7 and 8 TeV",
    journal ="JHEP",
    year    ="2016",
    volume  ="08",
    pages   ="45",
    doi     ="10.1007/JHEP08(2016)045",
}
% statistics
@article{Cousins:ZBi2008,
      author         = "Cousins, R. and Linnemann, J. and Tucker, J.",
      title          = "Evaluation of three methods for calculating statistical
                        significance when incorporating a systematic uncertainty
                        into a test of the background-only hypothesis for a
                        Poisson process",
      journal        = "Nucl. Instrum. Meth. A",
      volume         = "595",
      year           = "2008",
      pages          = "480",
      doi            = "10.1016/j.nima.2008.07.086",
}
@article{CousinsHighland:SystUnc1992,
      author         = "Cousins, R. and Highland, V.",
      title          = "Incorporating systematic uncertainties into an upper limit",
      journal        = "Nucl. Instrum. Meth. A",
      volume         = "320",
      year           = "1992",
      pages          = "331",
      doi            = "10.1016/0168-9002(92)90794-5",
}
@article{Read:CLs,
      author         = "Read, Alexander L.",
      title          = "Presentation of search results: The {CL$_{\text{s}}$} technique",
      journal        = "J. Phys. G",
      volume         = "28",
      year           = "2002",
      pages          = "2693",
      doi            = "10.1088/0954-3899/28/10/313",
      SLACcitation   = "%%CITATION = JPAGA,G28,2693;%%"
}
@article{Junk:CLs,
      author         = "Junk, Thomas",
      title          = "Confidence level computation for combining searches with
                        small statistics",
      journal        = "Nucl. Instrum. Meth. A",
      volume         = "434",
      year           = "1999",
      pages          = "435",
      doi            = "10.1016/S0168-9002(99)00498-2",
      eprint         = "hep-ex/9902006",
      archivePrefix  = "arXiv",
      primaryClass   = "hep-ex",
      reportNumber   = "CARLETON-OPAL-PHYS-99-01, CERN-EP-99-041",
      SLACcitation   = "%%CITATION = HEP-EX/9902006;%%"
}
@article{CowanPDGStats,
      author         = "{G. Cowan, ``Statistics'', Ch. 39 in Particle Data Group} and C. Patrignani and others",
      title          = "Review of Particle Physics",
      journal        = "Chin. Phys. C",
      volume         = "40",
      year           = "2016",
      pages          = "100001",
      doi            = "10.1088/1674-1137/40/10/100001",
      url            = "http://pdg.lbl.gov/2016/reviews/rpp2016-rev-statistics.pdf",
      SLACcitation   = "%%CITATION = CHPHD,C40,100001;%%"
}
@misc{Cousins:LogNormal,
      author         = "R. Cousins",
      title          = "Probability Density Functions for Positive Nuisance Parameters",
      url            = "http://www.physics.ucla.edu/~cousins/stats/cousins_lognormal_prior.pdf",
      note           = "Retrieved 12 July 2019"
}
@techreport{CMS-NOTE-2011-005,
      author        = "{The ATLAS Collaboration, The CMS Collaboration, The LHC
                       Higgs Combination Group}",
      title         = "Procedure for the {LHC} {Higgs} boson search combination in
                       {Summer} 2011",
      institution   = "CERN",
      address       = "Geneva",
      number        = "CMS-NOTE-2011-005/ATL-PHYS-PUB-2011-11",
      year          = "2011",
      reportNumber  = "CMS-NOTE-2011-005",
      type          = "CMS Note/ATLAS Physics Public Note",
      url           = "https://cds.cern.ch/record/1379837",
}
@misc{CombineManual,
      author         = "{CMS Collaboration}",
      title          = "Documentation for the Higgs Combine Tool",
      url            = "http://cms-analysis.github.io/HiggsAnalysis-CombinedLimit/",
      note           = "Retrieved 12 July 2019"
}
